EXPECTED DSV:
2019-09-27T00:00:00;70001100;;;;-0.80;PLN;Debit
2019-09-27T00:00:00;70001104;21203000451110000002182130;Przelew własny;Graffic Services Sp. Z O.o.-Sp.k. DULĘBY 9 40-800 Kato;-1100.00;PLN;Debit
2019-09-27T00:00:00;70001107;;zwrot nadpłaty;PL21203000451110000002182130GRAFFIC SERVICES SP. Z O.O.;100.00;PLN;Credit
2019-09-27T00:00:00;70001109;52101010490213402222000000;/TI/3456633635737/OKR/19M08/SFP/AKC/TXT/zeznanie 34-45;Urząd Skarbowy Augustów;-25.00;PLN;Debit
2019-09-27T00:00:00;;;;;-99.00;PLN;Debit
INPUT MT940 FILE:
:20:1
:25:/PL 98160011270000000022771234
:28C:0668-2019/BPL
:60F:D190927PLN000002623569,48
:61:1909270927DN000000000000,80N249NONREF//CEN1909270001100
:86:249^00PROW-PRZEL KRAJOWY
^34000
:61:1909270927DN000000000099,00N240NONREF//
:86:240^00OPŁATA ZA RACHUNEK/PAKIET ^34000
:61:1909270927DN000000001100,00N225NONREF//CEN1909270001104
:86:225^00PRZELEW INTERNETOWY
^34000
^3020300045
^20Przelew własny
^32Graffic Services Sp. Z O.o.^33-Sp.k. DULĘBY 9 40-800 Kato
^3821203000451110000002182130
^62wice
:61:1909270927CN000000000100,00N721NONREF//CEN1909270001107
:86:721^00PRZELEW OTRZYMANY
^34000
^20zwrot nadpłaty
^32PL21203000451110000002182130^33GRAFFIC SERVICES SP. Z O.O.
^62-SP.K. DULĘBY 9 40-800 KATO^63WICE
:61:1909270927DN000000000025,00N225NONREF//CEN1909270001109
:86:225^00PRZELEW INTERNETOWY
^34000
^3010101049
^20/TI/3456633635737/OKR/19M08^21/SFP/AKC/TXT/zeznanie 34-45
^32Urząd Skarbowy Augustów
^3852101010490213402222000000
:62F:D090803PLN000001753385,79
